
@misc{postgresql_wal, title={24.3. Continuous Archiving and Point-in-Time Recovery (PITR)}, url={https://www.postgresql.org/docs/9.3/static/continuous-archiving.html}, journal={PostgreSQL: Documentation: 9.3: Continuous Archiving and Point-in-Time Recovery (PITR)}}

@misc{sqlizer, title={SQL is 43 years old - here's 8 reasons we still use it today}, url={https://blog.sqlizer.io/posts/sql-43/}, journal={SQLizer.io}, year={2017}, month={Apr}}

@misc{amazon_nosql, title={What is NoSQL? | Nonrelational Databases, Flexible Schema Data Models | AWS}, url={https://aws.amazon.com/nosql/}, journal={Amazon}, publisher={Amazon}}

@misc{postgresql, title={About}, url={https://www.postgresql.org/about/}, journal={PostgreSQL: About}}

@misc{db_comparison, title={System Properties Comparison Microsoft SQL Server vs. MySQL vs. PostgreSQL}, url={https://db-engines.com/en/system/Microsoft SQL Server;MySQL;PostgreSQL}, journal={Microsoft SQL Server vs. MySQL vs. PostgreSQL Comparison}}

@misc{mysql, title={MySQL 5.7 Reference Manual :: 1.3.1 What is MySQL?}, url={https://dev.mysql.com/doc/refman/5.7/en/what-is-mysql.html}, journal={MySQL}}

@misc{sql_server, title={Unleash the power in your data}, url={https://www.microsoft.com/en-us/sql-server/default.aspx}, journal={Microsoft SQL Server - US (English)}}

@misc{ibm_archiving, title={What is Database Archiving?}, url={https://www-01.ibm.com/software/data/optim/what-is-database-archiving.html}, journal={IBM - What is Database Archiving?}}

