@BOOK{mark1,
	    AUTHOR    = "Mark Russinovich and David Solomon and Alex Ionescu",
	    TITLE     = "Windows Internals Part 1",
	    PUBLISHER = {Microsoft Press},
	    YEAR      = 2012}

@WEB{linuxcfs,
        AUTHOR = "Chandrima Sarkar",
        TITLE  = "Scheduling in Linux",
        URL    = {http://www.cs.montana.edu/~chandrima.sarkar/AdvancedOS/CSCI560_Proj_main/},
        YEAR   = 2010}

@UNPUBLISHED{kevin_windows_mem_lecture,
  Author = {McGrath, Kevin},
  Institution = {Oregon State University},
  Howpublished = {University Lecture},
  Year = {2018},
  Title = {Windows Memory Management}
}