%% This BibTeX bibliography file was created using BibDesk.
%% http://bibdesk.sourceforge.net/

%% Created for Billy Buffum at 2017-11-14 08:09:52 -0800 


%% Saved with string encoding Unicode (UTF-8) 



@webpage{WebPack,
    Author = {Rainier Kaper},
	Date-Added = {2017-11-14 15:58:37 +0000},
	Date-Modified = {2017-11-14 15:58:43 +0000},
    Month = {11},
    Title = {WebPack Concepts},
	Url = {https://webpack.js.org/concepts/},
    Year = {2017}}

@webpage{GulpGruntSpeed,
    Author = {Zander Martineau},
	Date-Added = {2017-11-14 15:49:27 +0000},
	Date-Modified = {2017-11-14 15:49:35 +0000},
    Month = {1},
    Title = {Speedtesting gulp.js and Grunt},
	Url = {http://tech.tmw.co.uk/2014/01/speedtesting-gulp-and-grunt/},
    Year = {2014}}

@webpage{TaskRunners,
    Author = {DA14.com},
	Date-Added = {2017-11-14 15:38:32 +0000},
	Date-Modified = {2017-11-14 15:38:50 +0000},
    Month = {3},
    Title = {Gulp vs Grunt vs WebPack: Comparison of Build Tools and Task Runners},
    Year = {2017},
	Url = {https://da-14.com/blog/gulp-vs-grunt-vs-webpack-comparison-build-tools-task-runners}}

@webpage{TechwallaSQLCons,
    Author = {Anni Martin},
	Date-Added = {2017-11-14 08:38:27 +0000},
	Date-Modified = {2017-11-14 08:38:37 +0000},
    Month = {11},
    Title = {Disadvantages of a Relational Database},
	Url = {https://www.techwalla.com/articles/disadvantages-of-a-relational-database},
    Year = {2017}}

@webpage{TechwallaSQLPros,
    Author = {Deborah Lee Soltesz},
	Date-Added = {2017-11-14 08:32:29 +0000},
	Date-Modified = {2017-11-14 08:32:40 +0000},
    Title = {The Advantages of a Relational Database Management System},
	Url = {https://www.techwalla.com/articles/the-advantages-of-a-relational-database-management-system}}

@webpage{TechwallaSQL,
    Author = {Deborah Lee Soltesz},
	Date-Added = {2017-11-14 08:24:14 +0000},
	Date-Modified = {2017-11-14 08:24:25 +0000},
    Title = {What are the Advantages of a Relational Database Model?},
	Url = {https://www.techwalla.com/articles/what-are-the-advantages-of-a-relational-database-model}}

@webpage{NoSQLSecurityIssues,
    Author = {Mike Obijaju},
	Date-Added = {2017-11-14 08:00:22 +0000},
	Date-Modified = {2017-11-14 08:00:31 +0000},
    Title = {NoSQL NoSecurity - Security issues with NoSQL Database},
    Year = {2015},
    Month = {6},
	Url = {https://blogs.perficient.com/dataanalytics/2015/06/22/nosql-nosecuity-security-issues-with-nosql-database/}}

@webpage{ChannelFutures,
    Author = {Christopher Tozzi},
	Date-Added = {2017-11-14 07:57:24 +0000},
	Date-Modified = {2017-11-14 07:57:37 +0000},
    Title = {The Limitations of NoSQL Database Storage: Why NoSQL's Not Perfect},
    Year = {2016},
    Month = {3},
	Url = {http://www.channelfutures.com/cloud-services/limitations-nosql-database-storage-why-nosqls-not-perfect}}

@webpage{NoSQLProsCons,
    Author = {Guy Harrison},
	Date-Added = {2017-11-14 07:41:58 +0000},
	Date-Modified = {2017-11-14 07:42:29 +0000},
    Title = {10 things you should know about NoSQL databases},
    Year = {2010},
    Month = {8},
	Url = {https://www.techrepublic.com/blog/10-things/10-things-you-should-know-about-nosql-databases/}}

@webpage{GooglePushNotifications,
    Author = {Joseph Medley},
	Date-Added = {2017-11-14 07:11:49 +0000},
	Date-Modified = {2017-11-14 07:11:59 +0000},
    Title = {Web Push Notifications: Timely, Relevant, and Precise},
	Url ={https://developers.google.com/web/fundamentals/push-notifications/}}

@webpage{MongoDBProsCons,
    Author = {mongoDB.com},
	Date-Added = {2017-11-14 07:06:57 +0000},
	Date-Modified = {2017-11-14 07:07:10 +0000},
    Title = {NoSQL Databases Pros and Cons},
	Url = {https://www.mongodb.com/scale/nosql-databases-pros-and-cons}}

@webpage{Techwalla,
    Author = {Steve Tuffill},
	Date-Added = {2017-11-14 06:59:27 +0000},
	Date-Modified = {2017-11-14 06:59:36 +0000},
    Title = {Advantages and Disadvantages of Flat File Databases},
	Url = {https://www.techwalla.com/articles/advantages-disadvantages-of-flat-file-databases}}

@webpage{KnowBase,
    Author = {Knowledge Base},
	Date-Added = {2017-11-14 06:55:10 +0000},
	Date-Modified = {2017-11-14 06:56:04 +0000},
    Title = {What are flat file and relational databases},
    Year = {2017},
    Month = {5},
	Url = {https://kb.iu.edu/d/ahrp}}

@webpage{SearchCloudOverview,
    Author = {Bill Claybrook},
	Date-Added = {2017-11-13 18:15:38 +0000},
	Date-Modified = {2017-11-13 18:16:02 +0000},
    Title = {Mobile cloud apps vs. native apps: The developer's perspective},
    Year = {2012},
    Month = {11},
	Url = {http://searchcloudapplications.techtarget.com/feature/Mobile-cloud-apps-vs-native-apps-The-developers-perspective},
	Bdsk-Url-1 = {http://searchcloudapplications.techtarget.com/feature/Mobile-cloud-apps-vs-native-apps-The-developers-perspective}}
