@online{DockerEng,
  author = {Docker},
  title = {About Docker Engine},
  year = 2018,
  howpublished={\url{
https://docs.docker.com/engine}},
  urldate = {2018-10-31}
}

@online{DockerCust,
  author = {Docker},
  title = {Docker Customers},
  year = 2018,
  howpublished={\url{
https://docs.docker.com/customers}},
  urldate = {2018-10-31}
}

@online{rkt,
    author = {CoreOS},
    title = {Overview},
    year = {2018},
    howpublished ={\url{https://coreos.com/rkt/}},
    urldate = {2018-10-31},
},

@online{rktvsdock,
    author={UpGuard},
    year = {2018},
    howpublished={\url{https://www.upguard.com/articles/docker-vs-coreos}},
    urldate = {2018-11-01},
},


@online{kubernetes,
    author={Kubernetes},
    title ={What is Kubernetes?},
    year = {2018},
    howpublished={\url{https://kubernetes.io/docs/concepts/overview/what-is-kubernetes/}},
    urldate = {2018-11-01},
},

@online{aws,
    author={Amazon},
    title={AWS Customer Success},
    year = {2018},
    howpublished={\url{https://aws.amazon.com/solutions/case-studies}},
    urldate={2018-11-01},
},

@online{google,
    author={Google},
    title={Storage Products},
    year = {2018},
    howpublished={\url{https://cloud.google.com/storage/features/}},
    urldate={2018,11-01},
},

@online{awsinstance,
    author={Amazon},
    title={Amazon EC2 Reserved Instances Pricing},
    year = {2018},
    howpublished={\url{https://aws.amazon.com/ec2/pricing/reserved-instances/pricing/}},
    urldate={2018-11-01},
},

@online{heroku,
    author={Heroku},
    title={Customer Success},
    year={2018},
    howpublished={\url{https://www.heroku.com/customers}},
    urldate={2018-11-01},
},
@online {godaddy,
    author ={GoDaddy},
    title={GoDaddy},
    year={2018},
    howpublished={\url{https://www.godaddy.com}},
    urldate={2018-11-01},
},
@online {elastickub,
    author={Amazon},
    title={Amazon Elastic Container Service for Kubernetes},
    year={2018},
    howpublished={\url{https://aws.amazon.com/eks/}},
    urldate={2018-11-02},
}