
@misc{kubernetes, title={What is Kubernetes?}, url={https://kubernetes.io/docs/concepts/overview/what-is-kubernetes/}, journal={What is Kubernetes? - Kubernetes}}

@misc{react, title={React – A JavaScript library for building user interfaces}, url={https://reactjs.org/}, journal={– A JavaScript library for building user interfaces}}

@misc{typescript, title={Get TypeScript}, url={https://www.typescriptlang.org/}, journal={TypeScript - JavaScript that scales.}}

@misc{docker, title={What is a Container}, url={https://www.docker.com/resources/what-container}, journal={Docker}, year={2018}, month={Oct}}
