@misc{nodejs,
    author = {Node.js Foundation},
    howpublished={\url{https://nodejs.org/en/about/}},
    month={Novermber},
    year={2018},
    note={(Accessed on 11/02/2018)}
}

@misc{mit,
    author = {},
    howpublished={\url{https://opensource.org/about}},
    month={Novermber},
    year={2018},
    note={(Accessed on 11/02/2018)}
} 

@misc{tsvsjs,
    author = {Jared Nance},
    howpublished={\url{https://stackify.com/typescript-vs-javascript-migrate/
}},
    month={September},
    year={2017},
    note={(Accessed on 11/02/2018)}
} 
@misc{microserv,
    author = {Smart Bear},
    howpublished={\url{https://smartbear.com/learn/api-design/what-are-microservices/}},
    month={November},
    year={2018},
    note={(Accessed on 11/02/2018)}
} 

@misc{dotnet,
    author = {John Daniel},
    howpublished={\url{https://raygun.com/blog/dotnet-vs-nodejs/}},
    month={May},
    year={2017},
    note={(Accessed on 11/07/2018)}
}  

@misc{multilayer,
    author = {Ariel Ortiz Ramirez},
    howpublished={\url{https://www.linuxjournal.com/article/3508}},
    month={July},
    year={2000},
    note={(Accessed on 11/02/2018)}
}  

@misc{tsunit,
    author = {Steve Fenton},
    howpublished={\url{https://github.com/Steve-Fenton/tsUnit}},
    month={July},
    year={2018},
    note={(Accessed on 11/02/2018)}
}  

@misc{tape,
    author = {Ben},
    howpublished={\url{https://raygun.com/blog/javascript-unit-testing-frameworks/}},
    month={May},
    year={2017},
    note={(Accessed on 11/02/2018)}
}  

@misc{jest,
    author = {Jest},
    howpublished={\url{https://jestjs.io/docs/en/setup-teardown}},
    month={November},
    year={2017},
    note={(Accessed on 11/02/2018)}
}  

