%% This BibTeX bibliography file was created using BibDesk.
%% http://bibdesk.sourceforge.net/

%% Created for Connor Christensen at 2017-11-21 15:27:09 -0800 


%% Saved with string encoding Unicode (UTF-8) 



@misc{ReactVideo,
	Author = {Pete Hunt},
	Date-Added = {2017-11-21 23:25:42 +0000},
	Date-Modified = {2017-11-21 23:27:09 +0000},
	Howpublished = {Video},
	Month = {July},
	Title = {Pete Hunt | TXJS 2015},
	Url = {https://www.youtube.com/watch?v=A0Kj49z6WdM},
	Year = {2015}}

@url{HistoryOfAngular,
	Author = {Andrew Austin},
	Date-Added = {2017-11-21 22:40:46 +0000},
	Date-Modified = {2017-11-21 22:41:26 +0000},
	Lastchecked = {2014},
	Title = {An Overview of AngularJS for Managers},
	Url = {http://andrewaustin.com/an-overview-of-angularjs-for-managers/},
	Bdsk-Url-1 = {http://andrewaustin.com/an-overview-of-angularjs-for-managers/}}

@url{AngularIntroduction,
	Author = {Mi{\v s}ko Hevery},
	Date-Added = {2017-11-21 22:35:56 +0000},
	Date-Modified = {2017-11-21 22:36:46 +0000},
	Lastchecked = {2009},
	Title = {Hello World, <angular/> is here},
	Url = {http://misko.hevery.com/2009/09/28/hello-world-angular-is-here/},
	Bdsk-Url-1 = {http://misko.hevery.com/2009/09/28/hello-world-angular-is-here/}}

@url{vueVSreactSearches,
	Author = {Google-Trends},
	Date-Added = {2017-11-21 22:12:26 +0000},
	Date-Modified = {2017-11-21 22:13:41 +0000},
	Title = {Vue.js vs. React.js Searches},
	Url = {https://trends.google.com/trends/explore?date=2013-04-10%202017-05-10&q=vuejs%20%2B%20vue.js%20%2B%20%22vue%20js%22,reactjs%20%2B%20react.js%20%2B%20%22javascript%20react%22%20%2B%20%22react%20js%22},
	Bdsk-Url-1 = {https://trends.google.com/trends/explore?date=2013-04-10%202017-05-10&q=vuejs%20%2B%20vue.js%20%2B%20%22vue%20js%22,reactjs%20%2B%20react.js%20%2B%20%22javascript%20react%22%20%2B%20%22react%20js%22}}

@url{VueProCon,
	Author = {Agriya},
	Date-Added = {2017-11-21 22:10:38 +0000},
	Date-Modified = {2017-11-21 22:11:11 +0000},
	Title = {Pros and Cons of Vue.js framework},
	Url = {https://www.agriya.com/blog/2017/05/15/pros-and-cons-of-vue-js-framework/},
	Bdsk-Url-1 = {https://www.agriya.com/blog/2017/05/15/pros-and-cons-of-vue-js-framework/}}

@url{reactVSvue,
	Author = {Erminesoft},
	Date-Added = {2017-11-21 22:09:37 +0000},
	Date-Modified = {2017-11-21 22:10:04 +0000},
	Title = {ReactJS vs VueJS: In-Depth Comparison},
	Url = {https://erminesoft.com/reactjs-or-vuejs-which-is-best-for-your-project/},
	Bdsk-Url-1 = {https://erminesoft.com/reactjs-or-vuejs-which-is-best-for-your-project/}}

@url{angularVSreact,
	Author = {Erminesoft},
	Date-Added = {2017-11-21 22:07:19 +0000},
	Date-Modified = {2017-11-21 22:10:13 +0000},
	Title = {What are the Pros and Cons of AngularJS vs ReactJS?},
	Url = {https://erminesoft.com/what-are-the-pros-and-cons-of-angularjs-vs-reactjs/},
	Bdsk-Url-1 = {https://erminesoft.com/what-are-the-pros-and-cons-of-angularjs-vs-reactjs/}}

@url{Vue,
	Author = {Evan You},
	Date-Added = {2017-11-21 22:06:15 +0000},
	Date-Modified = {2017-11-21 22:07:14 +0000},
	Lastchecked = {2017},
	Title = {Vue.js: The The Progressive JavaScript Framework},
	Url = {https://vuejs.org/},
	Bdsk-Url-1 = {https://vuejs.org/}}

@url{React,
	Author = {Facebook},
	Date-Added = {2017-11-21 22:05:30 +0000},
	Date-Modified = {2017-11-21 22:05:51 +0000},
	Title = {React: A JavaScript library for building user interfaces},
	Url = {https://reactjs.org/},
	Bdsk-Url-1 = {https://reactjs.org/}}

@url{Angular2,
	Author = {Google},
	Date-Added = {2017-11-21 22:04:05 +0000},
	Date-Modified = {2017-11-21 22:04:31 +0000},
	Title = {Angular},
	Url = {https://angular.io/},
	Bdsk-Url-1 = {https://angular.io/}}

@url{Angular1,
	Author = {Google},
	Date-Added = {2017-11-21 22:03:03 +0000},
	Date-Modified = {2017-11-21 22:03:58 +0000},
	Title = {AngularJS},
	Url = {https://angularjs.org/},
	Bdsk-Url-1 = {https://angularjs.org/}}

@url{BootstrapProCon,
	Author = {Celina Conner},
	Date-Added = {2017-11-21 22:01:19 +0000},
	Date-Modified = {2017-11-21 22:02:09 +0000},
	Lastchecked = {2013},
	Title = {PROS and CONS of using Twitter Bootstrap},
	Url = {http://www.thedesignwork.com/pros-and-cons-of-using-twitter-bootstrap/},
	Bdsk-Url-1 = {http://www.thedesignwork.com/pros-and-cons-of-using-twitter-bootstrap/}}

@url{bootstrap,
	Author = {Mark Otto and Jacob},
	Date-Added = {2017-11-21 21:58:44 +0000},
	Date-Modified = {2017-11-21 22:00:20 +0000},
	Lastchecked = {2017},
	Title = {Bootstrap},
	Url = {http://getbootstrap.com/},
	Bdsk-Url-1 = {http://getbootstrap.com/}}

@url{sass,
	Author = {Hampton Catlin, Natalie Weizenbaum, Chris Eppstein},
	Date-Added = {2017-11-20 20:40:19 +0000},
	Date-Modified = {2017-11-20 20:41:01 +0000},
	Title = {Sass},
	Url = {http://sass-lang.com/},
	Bdsk-Url-1 = {http://sass-lang.com/}}

@url{CSSProCon,
	Author = {Sanford-Brown},
	Date-Added = {2017-11-20 20:38:22 +0000},
	Date-Modified = {2017-11-20 20:39:13 +0000},
	Title = {The Pros and Cons of CSS},
	Url = {http://www.sanfordbrown.edu/student-life/blog/january-2015/pros-and-cons-of-css},
	Bdsk-Url-1 = {http://www.sanfordbrown.edu/student-life/blog/january-2015/pros-and-cons-of-css}}

@url{CSSHistory,
	Author = {W3C},
	Date-Added = {2017-11-20 20:36:11 +0000},
	Date-Modified = {2017-11-20 20:37:21 +0000},
	Lastchecked = {2017},
	Title = {The CSS saga},
	Url = {https://www.w3.org/Style/LieBos2e/history/Overview.html},
	Bdsk-Url-1 = {https://www.w3.org/Style/LieBos2e/history/Overview.html}}

@url{ChartJS,
	Author = {Jonathan Cutrell},
	Date-Added = {2017-11-20 20:21:48 +0000},
	Date-Modified = {2017-11-20 20:35:01 +0000},
	Title = {Build a Dynamic Dashboard With ChartJS},
	Url = {https://webdesign.tutsplus.com/tutorials/build-a-dynamic-dashboard-with-chartjs--webdesign-14363},
	Bdsk-Url-1 = {https://webdesign.tutsplus.com/tutorials/build-a-dynamic-dashboard-with-chartjs--webdesign-14363}}

@url{c3.org,
	Author = {Masayuki Tanaka},
	Date-Added = {2017-11-20 20:17:31 +0000},
	Date-Modified = {2017-11-20 20:20:05 +0000},
	Lastchecked = {2017},
	Title = {C3.js},
	Url = {http://c3js.org/},
	Year = {2017},
	Bdsk-Url-1 = {http://c3js.org/}}

@url{DataVisProCon,
	Author = {Vaibhav Singhal},
	Date-Added = {2017-11-20 19:46:56 +0000},
	Date-Modified = {2017-11-20 20:21:04 +0000},
	Month = {May},
	Title = {Choosing a JavaScript Charting Library: the Main Contenders},
	Url = {https://www.sitepoint.com/javascript-charting-library-main-contenders/},
	Year = {2015},
	Bdsk-Url-1 = {https://www.sitepoint.com/javascript-charting-library-main-contenders/}}

@phdthesis{d3Journal,
	Author = {Michael Bostock, Vadim Ogievetsky and Jeffrey Heer},
	Date-Added = {2017-11-20 19:40:07 +0000},
	Date-Modified = {2017-11-20 19:41:50 +0000},
	Month = {October},
	School = {Stanford University},
	Title = {Data-Driven Documents},
	Year = {2011}}

@url{d3.org,
	Author = {Mike Bostok},
	Date-Added = {2017-11-20 19:36:26 +0000},
	Date-Modified = {2017-11-20 19:42:03 +0000},
	Keywords = {D3, Data Visualization, JavaScript},
	Lastchecked = {2017},
	Title = {Data-Driven Documents},
	Url = {https://d3js.org/},
	Bdsk-Url-1 = {https://d3js.org/}}

@url{SpeedReport,
	Author = {Stefan Krause},
	Date-Added = {2017-11-14 17:59:03 +0000},
	Date-Modified = {2017-11-14 18:02:18 +0000},
	Month = {10},
	Title = {Keyed results},
	Url = {https://rawgit.com/krausest/js-framework-benchmark/master/webdriver-ts/table.html},
	Year = {2017},
	Bdsk-Url-1 = {https://rawgit.com/krausest/js-framework-benchmark/master/webdriver-ts/table.html}}

@webpage{CanvasVsSVG,
	Author = {Maria Antonietta Perna},
	Date-Added = {2017-11-13 08:12:37 +0000},
	Date-Modified = {2017-11-13 08:20:44 +0000},
	Month = {March},
	Title = {Canvas vs. SVG: Choosing the Right Tool for the Job},
	Url = {https://www.sitepoint.com/canvas-vs-svg-choosing-the-right-tool-for-the-job/},
	Year = {2016},
	Bdsk-Url-1 = {https://www.sitepoint.com/canvas-vs-svg-choosing-the-right-tool-for-the-job/}}
