@misc{
stateofjs2017, 
title={State Of JavaScript Survey Results: Front-end Frameworks}, 
url={https://2017.stateofjs.com/2017/front-end/results}, 
journal={The State of JavaScript 2017: Front-end Frameworks â€“ Results}
}

@misc{
vue, 
title={Comparison with Other Frameworks - Vue.js}, 
url={https://vuejs.org/v2/guide/comparison.html}, 
journal={- Vue.js}
}

@misc{
preact, 
title={Home}, 
url={https://preactjs.com/guide/differences-to-react}, 
journal={Preact: Fast 3kB alternative to React with the same modern API. 
Components & Virtual DOM.}}

@misc{
react, 
title={ReactJS Overview}, 
url={https://www.tutorialspoint.com/reactjs/reactjs_overview.htm}, 
journal={www.tutorialspoint.com}, 
author={tutorialspoint.com}}

@misc{
css, 
url={https://www.w3.org/Style/CSS20/history.html}, 
journal={A brief history of CSS until 2016}
}

@misc{
less, 
title={Overview}, 
url={http://lesscss.org/features/}, 
journal={Features In-Depth | Less.js}, 
author={Team, The Core Less}
}

@misc{
sass, 
title={Sass Basics}, 
url={https://sass-lang.com/guide}, 
journal={Sass}
}

@misc{
parcel, 
url={https://parceljs.org/getting_started.html}, 
journal={ Getting Started}
}