%% This BibTeX bibliography file was created using BibDesk.
%% http://bibdesk.sourceforge.net/

%% Created for Connor Christensen at 2017-11-29 12:29:13 -0800 


%% Saved with string encoding Unicode (UTF-8) 



@misc{ReactVideo,
	Author = {Pete Hunt},
	Date-Added = {2017-11-21 23:25:42 +0000},
	Date-Modified = {2017-11-21 23:27:09 +0000},
	Howpublished = {Video},
	Month = {July},
	Title = {Pete Hunt | TXJS 2015},
	Url = {https://www.youtube.com/watch?v=A0Kj49z6WdM},
	Year = {2015},
	Bdsk-Url-1 = {https://www.youtube.com/watch?v=A0Kj49z6WdM}}

@url{HistoryOfAngular,
	Author = {Andrew Austin},
	Date-Added = {2017-11-21 22:40:46 +0000},
	Date-Modified = {2017-11-21 22:41:26 +0000},
	Lastchecked = {2014},
	Title = {An Overview of AngularJS for Managers},
	Url = {http://andrewaustin.com/an-overview-of-angularjs-for-managers/},
	Bdsk-Url-1 = {http://andrewaustin.com/an-overview-of-angularjs-for-managers/}}

@url{AngularIntroduction,
	Author = {Mi{\v s}ko Hevery},
	Date-Added = {2017-11-21 22:35:56 +0000},
	Date-Modified = {2017-11-21 22:36:46 +0000},
	Lastchecked = {2009},
	Title = {Hello World, <angular/> is here},
	Url = {http://misko.hevery.com/2009/09/28/hello-world-angular-is-here/},
	Bdsk-Url-1 = {http://misko.hevery.com/2009/09/28/hello-world-angular-is-here/}}

@url{vueVSreactSearches,
	Author = {Google-Trends},
	Date-Added = {2017-11-21 22:12:26 +0000},
	Date-Modified = {2017-11-21 22:13:41 +0000},
	Title = {Vue.js vs. React.js Searches},
	Url = {https://trends.google.com/trends/explore?date=2013-04-10%202017-05-10&q=vuejs%20%2B%20vue.js%20%2B%20%22vue%20js%22,reactjs%20%2B%20react.js%20%2B%20%22javascript%20react%22%20%2B%20%22react%20js%22},
	Bdsk-Url-1 = {https://trends.google.com/trends/explore?date=2013-04-10%202017-05-10&q=vuejs%20%2B%20vue.js%20%2B%20%22vue%20js%22,reactjs%20%2B%20react.js%20%2B%20%22javascript%20react%22%20%2B%20%22react%20js%22}}

@url{VueProCon,
	Author = {Agriya},
	Date-Added = {2017-11-21 22:10:38 +0000},
	Date-Modified = {2017-11-21 22:11:11 +0000},
	Title = {Pros and Cons of Vue.js framework},
	Url = {https://www.agriya.com/blog/2017/05/15/pros-and-cons-of-vue-js-framework/},
	Bdsk-Url-1 = {https://www.agriya.com/blog/2017/05/15/pros-and-cons-of-vue-js-framework/}}

@url{reactVSvue,
	Author = {Erminesoft},
	Date-Added = {2017-11-21 22:09:37 +0000},
	Date-Modified = {2017-11-21 22:10:04 +0000},
	Title = {ReactJS vs VueJS: In-Depth Comparison},
	Url = {https://erminesoft.com/reactjs-or-vuejs-which-is-best-for-your-project/},
	Bdsk-Url-1 = {https://erminesoft.com/reactjs-or-vuejs-which-is-best-for-your-project/}}

@url{angularVSreact,
	Author = {Erminesoft},
	Date-Added = {2017-11-21 22:07:19 +0000},
	Date-Modified = {2017-11-21 22:10:13 +0000},
	Title = {What are the Pros and Cons of AngularJS vs ReactJS?},
	Url = {https://erminesoft.com/what-are-the-pros-and-cons-of-angularjs-vs-reactjs/},
	Bdsk-Url-1 = {https://erminesoft.com/what-are-the-pros-and-cons-of-angularjs-vs-reactjs/}}

@url{Vue,
	Author = {Evan You},
	Date-Added = {2017-11-21 22:06:15 +0000},
	Date-Modified = {2017-11-21 22:07:14 +0000},
	Lastchecked = {2017},
	Title = {Vue.js: The The Progressive JavaScript Framework},
	Url = {https://vuejs.org/},
	Bdsk-Url-1 = {https://vuejs.org/}}

@url{React,
	Author = {Facebook},
	Date-Added = {2017-11-21 22:05:30 +0000},
	Date-Modified = {2017-11-21 22:05:51 +0000},
	Title = {React: A JavaScript library for building user interfaces},
	Url = {https://reactjs.org/},
	Bdsk-Url-1 = {https://reactjs.org/}}

@url{Angular2,
	Author = {Google},
	Date-Added = {2017-11-21 22:04:05 +0000},
	Date-Modified = {2017-11-21 22:04:31 +0000},
	Title = {Angular},
	Url = {https://angular.io/},
	Bdsk-Url-1 = {https://angular.io/}}

@url{Angular1,
	Author = {Google},
	Date-Added = {2017-11-21 22:03:03 +0000},
	Date-Modified = {2017-11-21 22:03:58 +0000},
	Title = {AngularJS},
	Url = {https://angularjs.org/},
	Bdsk-Url-1 = {https://angularjs.org/}}

@url{BootstrapProCon,
	Author = {Celina Conner},
	Date-Added = {2017-11-21 22:01:19 +0000},
	Date-Modified = {2017-11-21 22:02:09 +0000},
	Lastchecked = {2013},
	Title = {PROS and CONS of using Twitter Bootstrap},
	Url = {http://www.thedesignwork.com/pros-and-cons-of-using-twitter-bootstrap/},
	Bdsk-Url-1 = {http://www.thedesignwork.com/pros-and-cons-of-using-twitter-bootstrap/}}

@url{bootstrap,
	Author = {Mark Otto and Jacob},
	Date-Added = {2017-11-21 21:58:44 +0000},
	Date-Modified = {2017-11-21 22:00:20 +0000},
	Lastchecked = {2017},
	Title = {Bootstrap},
	Url = {http://getbootstrap.com/},
	Bdsk-Url-1 = {http://getbootstrap.com/}}

@url{sass,
	Author = {Hampton Catlin, Natalie Weizenbaum, Chris Eppstein},
	Date-Added = {2017-11-20 20:40:19 +0000},
	Date-Modified = {2017-11-20 20:41:01 +0000},
	Title = {Sass},
	Url = {http://sass-lang.com/},
	Bdsk-Url-1 = {http://sass-lang.com/}}

@url{CSSProCon,
	Author = {Sanford-Brown},
	Date-Added = {2017-11-20 20:38:22 +0000},
	Date-Modified = {2017-11-20 20:39:13 +0000},
	Title = {The Pros and Cons of CSS},
	Url = {http://www.sanfordbrown.edu/student-life/blog/january-2015/pros-and-cons-of-css},
	Bdsk-Url-1 = {http://www.sanfordbrown.edu/student-life/blog/january-2015/pros-and-cons-of-css}}

@url{CSSHistory,
	Author = {W3C},
	Date-Added = {2017-11-20 20:36:11 +0000},
	Date-Modified = {2017-11-20 20:37:21 +0000},
	Lastchecked = {2017},
	Title = {The CSS saga},
	Url = {https://www.w3.org/Style/LieBos2e/history/Overview.html},
	Bdsk-Url-1 = {https://www.w3.org/Style/LieBos2e/history/Overview.html}}

@url{ChartJS,
	Author = {Jonathan Cutrell},
	Date-Added = {2017-11-20 20:21:48 +0000},
	Date-Modified = {2017-11-20 20:35:01 +0000},
	Title = {Build a Dynamic Dashboard With ChartJS},
	Url = {https://webdesign.tutsplus.com/tutorials/build-a-dynamic-dashboard-with-chartjs--webdesign-14363},
	Bdsk-Url-1 = {https://webdesign.tutsplus.com/tutorials/build-a-dynamic-dashboard-with-chartjs--webdesign-14363}}

@url{c3.org,
	Author = {Masayuki Tanaka},
	Date-Added = {2017-11-20 20:17:31 +0000},
	Date-Modified = {2017-11-20 20:20:05 +0000},
	Lastchecked = {2017},
	Title = {C3.js},
	Url = {http://c3js.org/},
	Year = {2017},
	Bdsk-Url-1 = {http://c3js.org/}}

@url{DataVisProCon,
	Author = {Vaibhav Singhal},
	Date-Added = {2017-11-20 19:46:56 +0000},
	Date-Modified = {2017-11-20 20:21:04 +0000},
	Month = {May},
	Title = {Choosing a JavaScript Charting Library: the Main Contenders},
	Url = {https://www.sitepoint.com/javascript-charting-library-main-contenders/},
	Year = {2015},
	Bdsk-Url-1 = {https://www.sitepoint.com/javascript-charting-library-main-contenders/}}

@phdthesis{d3Journal,
	Author = {Michael Bostock, Vadim Ogievetsky and Jeffrey Heer},
	Date-Added = {2017-11-20 19:40:07 +0000},
	Date-Modified = {2017-11-20 19:41:50 +0000},
	Month = {October},
	School = {Stanford University},
	Title = {Data-Driven Documents},
	Year = {2011}}

@url{d3.org,
	Author = {Mike Bostok},
	Date-Added = {2017-11-20 19:36:26 +0000},
	Date-Modified = {2017-11-20 19:42:03 +0000},
	Keywords = {D3, Data Visualization, JavaScript},
	Lastchecked = {2017},
	Title = {Data-Driven Documents},
	Url = {https://d3js.org/},
	Bdsk-Url-1 = {https://d3js.org/}}

@url{SpeedReport,
	Author = {Stefan Krause},
	Date-Added = {2017-11-14 17:59:03 +0000},
	Date-Modified = {2017-11-14 18:02:18 +0000},
	Month = {10},
	Title = {Keyed results},
	Url = {https://rawgit.com/krausest/js-framework-benchmark/master/webdriver-ts/table.html},
	Year = {2017},
	Bdsk-Url-1 = {https://rawgit.com/krausest/js-framework-benchmark/master/webdriver-ts/table.html}}

@webpage{CanvasVsSVG,
	Author = {Maria Antonietta Perna},
	Date-Added = {2017-11-13 08:12:37 +0000},
	Date-Modified = {2017-11-13 08:20:44 +0000},
	Month = {March},
	Title = {Canvas vs. SVG: Choosing the Right Tool for the Job},
	Url = {https://www.sitepoint.com/canvas-vs-svg-choosing-the-right-tool-for-the-job/},
	Year = {2016},
	Bdsk-Url-1 = {https://www.sitepoint.com/canvas-vs-svg-choosing-the-right-tool-for-the-job/}}

@webpage{IntelNUCReview,
	Author = {Darien Graham-Smith},
	Title = {Intel NUC review},
	Url = {http://www.alphr.com/intel/intel-nuc/32113/intel-nuc-review},
	Urldate = {2013-01-14},
	Bdsk-Url-1 = {http://www.alphr.com/intel/intel-nuc/32113/intel-nuc-review}}

@webpage{PCWorld,
	Author = {Alaina Yee},
	Date-Added = {2016-03-11 18:30:00 +0000},
	Title = {The mighty mini-PC: These little computers can have big uses},
	Url = {https://www.pcworld.com/article/3039441/hardware/the-mighty-mini-pc-we-review-everything-from-bare-bones-to-ready-made.html},
	Bdsk-Url-1 = {https://www.pcworld.com/article/3039441/hardware/the-mighty-mini-pc-we-review-everything-from-bare-bones-to-ready-made.html}}

@webpage{Intel,
	Title = {Intel NUC Kits},
	Url = {https://www.intel.com/content/www/us/en/products/boards-kits/nuc/boards.html},
	Bdsk-Url-1 = {https://www.intel.com/content/www/us/en/products/boards-kits/nuc/boards.html}}

@webpage{RaspberryPi,
	Title = {Raspberry Pi},
	Url = {https://www.raspberrypi.org/},
	Bdsk-Url-1 = {https://www.raspberrypi.org/}}

@webpage{CopaHost,
	Author = {Gustavo Carvalho},
	Title = {Raspberry as a dedicated server? The result is amazing},
	Url = {https://www.copahost.com/blog/is-it-possible-to-run-a-web-server-in-a-raspberry-pi-3-as-a-dedicated-server/},
	Urldate = {2016-03-26},
	Bdsk-Url-1 = {https://www.copahost.com/blog/is-it-possible-to-run-a-web-server-in-a-raspberry-pi-3-as-a-dedicated-server/}}

@webpage{TheBalance,
	Author = {5 Disadvantages of Cloud Computing},
	Url = {https://www.thebalance.com/disadvantages-of-cloud-computing-4067218},
	Urldate = {2017-04-03},
	Bdsk-Url-1 = {https://www.thebalance.com/disadvantages-of-cloud-computing-4067218}}

@webpage{InterRoute,
	Title = {WHAT IS CLOUD HOSTING?},
	Url = {https://www.interoute.com/what-cloud-hosting},
	Bdsk-Url-1 = {https://www.interoute.com/what-cloud-hosting}}

@webpage{NGINX,
	Title = {WHAT IS NGINX?},
	Url = {https://www.nginx.com/resources/glossary/nginx/},
	Bdsk-Url-1 = {https://www.nginx.com/resources/glossary/nginx/}}

@webpage{HostingAd,
	Author = {Alexandra Leslie},
	Title = {NGINX vs. Apache (Pro/Con Review, Uses, and Hosting for Each)},
	Url = {http://www.hostingadvice.com/how-to/nginx-vs-apache/},
	Urldate = {2017-07-26},
	Bdsk-Url-1 = {http://www.hostingadvice.com/how-to/nginx-vs-apache/}}

@webpage{UpWork,
	Author = {Carey Wodehouse},
	Title = {Choosing the Right Software Stack},
	Url = {https://www.upwork.com/hiring/development/choosing-the-right-software-stack-for-your-website/},
	Bdsk-Url-1 = {https://www.upwork.com/hiring/development/choosing-the-right-software-stack-for-your-website/}}

@webpage{JSSolutionsDev,
	Author = {Tymets Volodymyr},
	Title = {Home - Express.js Mobile App Development: Pros and Cons for Developers Express.js Mobile App Development: Pros and Cons for Developers},
	Url = {	https://jssolutionsdev.com/blog/express-mobile-app-development/},
	Urldate = {2017-06-08},
	Bdsk-Url-1 = {%09https://jssolutionsdev.com/blog/express-mobile-app-development/}}

@webpage{Medium,
	Title = {NodeJS vs Ruby on Rails comparison 2017. Which is the best for web development?},
	Url = {	https://medium.com/@TechMagic/nodejs-vs-ruby-on-rails-comparison-2017-which-is-the-best-for-web-development-9aae7a3f08bf},
	Bdsk-Url-1 = {%09https://medium.com/@TechMagic/nodejs-vs-ruby-on-rails-comparison-2017-which-is-the-best-for-web-development-9aae7a3f08bf}}

@webpage{RailsApps,
	Author = {Daniel Kehoe},
	Title = {What is Ruby on Rails?},
	Url = {	http://railsapps.github.io/what-is-ruby-rails.html},
	Urldate = {2013-10-11},
	Bdsk-Url-1 = {%09http://railsapps.github.io/what-is-ruby-rails.html}}

@webpage{NetGuru,
	Author = {Natalia Chrzanowska},
	Title = {Why to Use Node.js: Pros and Cons of Choosing Node.js for Back-end Development},
	Url = {https://www.netguru.co/blog/pros-cons-use-node.js-backend},
	Urldate = {2017-04-23},
	Bdsk-Url-1 = {https://www.netguru.co/blog/pros-cons-use-node.js-backend}}

@webpage{InfoWorldPhp,
	Author = {Paul Krill},
	Title = {Why developers love and hate PHP},
	Url = {https://www.infoworld.com/article/2852329/php/reasons-for-developers-to-love-hate-php.html},
	Urldate = {2014-12-01},
	Bdsk-Url-1 = {https://www.infoworld.com/article/2852329/php/reasons-for-developers-to-love-hate-php.html}}

@webpage{FullStackPython,
	Title = {Django},
	Url = {https://www.fullstackpython.com/django.html},
	Bdsk-Url-1 = {https://www.fullstackpython.com/django.html}}

@webpage{Bitnami,
	Title = {Django},
	Url = {https://bitnami.com/stack/django},
	Bdsk-Url-1 = {https://bitnami.com/stack/django}}

@webpage{WebPack,
    Author = {Rainier Kaper},
	Date-Added = {2017-11-14 15:58:37 +0000},
	Date-Modified = {2017-11-14 15:58:43 +0000},
    Month = {11},
    Title = {WebPack Concepts},
	Url = {https://webpack.js.org/concepts/},
    Year = {2017}}

@webpage{GulpGruntSpeed,
    Author = {Zander Martineau},
	Date-Added = {2017-11-14 15:49:27 +0000},
	Date-Modified = {2017-11-14 15:49:35 +0000},
    Month = {1},
    Title = {Speedtesting gulp.js and Grunt},
	Url = {http://tech.tmw.co.uk/2014/01/speedtesting-gulp-and-grunt/},
    Year = {2014}}

@webpage{TaskRunners,
    Author = {DA14.com},
	Date-Added = {2017-11-14 15:38:32 +0000},
	Date-Modified = {2017-11-14 15:38:50 +0000},
    Month = {3},
    Title = {Gulp vs Grunt vs WebPack: Comparison of Build Tools and Task Runners},
    Year = {2017},
	Url = {https://da-14.com/blog/gulp-vs-grunt-vs-webpack-comparison-build-tools-task-runners}}

@webpage{TechwallaSQLCons,
    Author = {Anni Martin},
	Date-Added = {2017-11-14 08:38:27 +0000},
	Date-Modified = {2017-11-14 08:38:37 +0000},
    Month = {11},
    Title = {Disadvantages of a Relational Database},
	Url = {https://www.techwalla.com/articles/disadvantages-of-a-relational-database},
    Year = {2017}}

@webpage{TechwallaSQLPros,
    Author = {Deborah Lee Soltesz},
	Date-Added = {2017-11-14 08:32:29 +0000},
	Date-Modified = {2017-11-14 08:32:40 +0000},
    Title = {The Advantages of a Relational Database Management System},
	Url = {https://www.techwalla.com/articles/the-advantages-of-a-relational-database-management-system}}

@webpage{TechwallaSQL,
    Author = {Deborah Lee Soltesz},
	Date-Added = {2017-11-14 08:24:14 +0000},
	Date-Modified = {2017-11-14 08:24:25 +0000},
    Title = {What are the Advantages of a Relational Database Model?},
	Url = {https://www.techwalla.com/articles/what-are-the-advantages-of-a-relational-database-model}}

@webpage{NoSQLSecurityIssues,
    Author = {Mike Obijaju},
	Date-Added = {2017-11-14 08:00:22 +0000},
	Date-Modified = {2017-11-14 08:00:31 +0000},
    Title = {NoSQL NoSecurity - Security issues with NoSQL Database},
    Year = {2015},
    Month = {6},
	Url = {https://blogs.perficient.com/dataanalytics/2015/06/22/nosql-nosecuity-security-issues-with-nosql-database/}}

@webpage{ChannelFutures,
    Author = {Christopher Tozzi},
	Date-Added = {2017-11-14 07:57:24 +0000},
	Date-Modified = {2017-11-14 07:57:37 +0000},
    Title = {The Limitations of NoSQL Database Storage: Why NoSQL's Not Perfect},
    Year = {2016},
    Month = {3},
	Url = {http://www.channelfutures.com/cloud-services/limitations-nosql-database-storage-why-nosqls-not-perfect}}

@webpage{NoSQLProsCons,
    Author = {Guy Harrison},
	Date-Added = {2017-11-14 07:41:58 +0000},
	Date-Modified = {2017-11-14 07:42:29 +0000},
    Title = {10 things you should know about NoSQL databases},
    Year = {2010},
    Month = {8},
	Url = {https://www.techrepublic.com/blog/10-things/10-things-you-should-know-about-nosql-databases/}}

@webpage{GooglePushNotifications,
    Author = {Joseph Medley},
	Date-Added = {2017-11-14 07:11:49 +0000},
	Date-Modified = {2017-11-14 07:11:59 +0000},
    Title = {Web Push Notifications: Timely, Relevant, and Precise},
	Url ={https://developers.google.com/web/fundamentals/push-notifications/}}

@webpage{MongoDBProsCons,
    Author = {mongoDB.com},
	Date-Added = {2017-11-14 07:06:57 +0000},
	Date-Modified = {2017-11-14 07:07:10 +0000},
    Title = {NoSQL Databases Pros and Cons},
	Url = {https://www.mongodb.com/scale/nosql-databases-pros-and-cons}}

@webpage{Techwalla,
    Author = {Steve Tuffill},
	Date-Added = {2017-11-14 06:59:27 +0000},
	Date-Modified = {2017-11-14 06:59:36 +0000},
    Title = {Advantages and Disadvantages of Flat File Databases},
	Url = {https://www.techwalla.com/articles/advantages-disadvantages-of-flat-file-databases}}

@webpage{KnowBase,
    Author = {Knowledge Base},
	Date-Added = {2017-11-14 06:55:10 +0000},
	Date-Modified = {2017-11-14 06:56:04 +0000},
    Title = {What are flat file and relational databases},
    Year = {2017},
    Month = {5},
	Url = {https://kb.iu.edu/d/ahrp}}

@webpage{SearchCloudOverview,
    Author = {Bill Claybrook},
	Date-Added = {2017-11-13 18:15:38 +0000},
	Date-Modified = {2017-11-13 18:16:02 +0000},
    Title = {Mobile cloud apps vs. native apps: The developer's perspective},
    Year = {2012},
    Month = {11},
	Url = {http://searchcloudapplications.techtarget.com/feature/Mobile-cloud-apps-vs-native-apps-The-developers-perspective},
	Bdsk-Url-1 = {http://searchcloudapplications.techtarget.com/feature/Mobile-cloud-apps-vs-native-apps-The-developers-perspective}}
