@misc{
stateofjs2017, 
title={State Of JavaScript Survey Results: Front-end Frameworks}, 
url={https://2017.stateofjs.com/2017/front-end/results}, 
journal={The State of JavaScript 2017: Front-end Frameworks – Results}
}

@misc{
vue, 
title={Comparison with Other Frameworks - Vue.js}, 
url={https://vuejs.org/v2/guide/comparison.html}, 
journal={- Vue.js}
}

@misc{
preact, 
title={Home}, 
url={https://preactjs.com/guide/differences-to-react}, 
journal={Preact: Fast 3kB alternative to React with the same modern API. 
Components & Virtual DOM.}}

@misc{
react, 
title={ReactJS Overview}, 
url={https://www.tutorialspoint.com/reactjs/reactjs\_overview.htm}, 
journal={www.tutorialspoint.com}, 
author={tutorialspoint.com}}

@misc{
css, 
url={https://www.w3.org/Style/CSS20/history.html}, 
journal={A brief history of CSS until 2016}
}

@misc{
less, 
title={Overview}, 
url={http://lesscss.org/features/}, 
journal={Features In-Depth | Less.js}, 
author={Team, The Core Less}
}

@misc{
sass, 
title={Sass Basics}, 
url={https://sass-lang.com/guide}, 
journal={Sass}
}

@misc{
parcel, 
url={https://parceljs.org/getting\_started.html}, 
journal={ Getting Started}
}


@misc{kubernetes, title={What is Kubernetes?}, url={https://kubernetes.io/docs/concepts/overview/what-is-kubernetes/}, journal={What is Kubernetes? - Kubernetes}}

@misc{react, title={React – A JavaScript library for building user interfaces}, url={https://reactjs.org/}, journal={– A JavaScript library for building user interfaces}}

@misc{typescript, title={Get TypeScript}, url={https://www.typescriptlang.org/}, journal={TypeScript - JavaScript that scales.}}

@misc{docker, title={What is a Container}, url={https://www.docker.com/resources/what-container}, journal={Docker}, year={2018}, month={Oct}}

@misc{nodejs,
    author = {Node.js Foundation},
    howpublished={\url{https://nodejs.org/en/about/}},
    month={Novermber},
    year={2018},
    note={(Accessed on 11/02/2018)}
}

@misc{mit,
    author = {},
    howpublished={\url{https://opensource.org/about}},
    month={Novermber},
    year={2018},
    note={(Accessed on 11/02/2018)}
} 

@misc{tsvsjs,
    author = {Jared Nance},
    howpublished={\url{https://stackify.com/typescript-vs-javascript-migrate/
}},
    month={September},
    year={2017},
    note={(Accessed on 11/02/2018)}
} 
@misc{microserv,
    author = {Smart Bear},
    howpublished={\url{https://smartbear.com/learn/api-design/what-are-microservices/}},
    month={November},
    year={2018},
    note={(Accessed on 11/02/2018)}
} 

@misc{dotnet,
    author = {John Daniel},
    howpublished={\url{https://raygun.com/blog/dotnet-vs-nodejs/}},
    month={May},
    year={2017},
    note={(Accessed on 11/07/2018)}
}  

@misc{multilayer,
    author = {Ariel Ortiz Ramirez},
    howpublished={\url{https://www.linuxjournal.com/article/3508}},
    month={July},
    year={2000},
    note={(Accessed on 11/02/2018)}
}  

@misc{tsunit,
    author = {Steve Fenton},
    howpublished={\url{https://github.com/Steve-Fenton/tsUnit}},
    month={July},
    year={2018},
    note={(Accessed on 11/02/2018)}
}  

@misc{tape,
    author = {Ben},
    howpublished={\url{https://raygun.com/blog/javascript-unit-testing-frameworks/}},
    month={May},
    year={2017},
    note={(Accessed on 11/02/2018)}
}  

@misc{jest,
    author = {Jest},
    howpublished={\url{https://jestjs.io/docs/en/setup-teardown}},
    month={November},
    year={2017},
    note={(Accessed on 11/02/2018)}
}

@misc{kubernetes, title={What is Kubernetes?}, url={https://kubernetes.io/docs/concepts/overview/what-is-kubernetes/}, journal={What is Kubernetes? - Kubernetes}}

@misc{react, title={React – A JavaScript library for building user interfaces}, url={https://reactjs.org/}, journal={– A JavaScript library for building user interfaces}}

@misc{typescript, title={Get TypeScript}, url={https://www.typescriptlang.org/}, journal={TypeScript - JavaScript that scales.}}

@misc{docker, title={What is a Container}, url={https://www.docker.com/resources/what-container}, journal={Docker}, year={2018}, month={Oct}}